@ARTICLE{2015arXiv151106581W,
       author = {{Wang}, Ziyu and {Schaul}, Tom and {Hessel}, Matteo and
         {van Hasselt}, Hado and {Lanctot}, Marc and {de Freitas}, Nando},
        title = "{Dueling Network Architectures for Deep Reinforcement Learning}",
      journal = {arXiv e-prints},
     keywords = {Computer Science - Machine Learning},
         year = 2015,
        month = nov,
          eid = {arXiv:1511.06581},
        pages = {arXiv:1511.06581},
archivePrefix = {arXiv},
       eprint = {1511.06581},
 primaryClass = {cs.LG},
       adsurl = {https://ui.adsabs.harvard.edu/abs/2015arXiv151106581W},
      adsnote = {Provided by the SAO/NASA Astrophysics Data System}
}

@ARTICLE{2017arXiv171002298H,
       author = {{Hessel}, Matteo and {Modayil}, Joseph and {van Hasselt}, Hado and
         {Schaul}, Tom and {Ostrovski}, Georg and {Dabney}, Will and
         {Horgan}, Dan and {Piot}, Bilal and {Azar}, Mohammad and
         {Silver}, David},
        title = "{Rainbow: Combining Improvements in Deep Reinforcement Learning}",
      journal = {arXiv e-prints},
     keywords = {Computer Science - Artificial Intelligence, Computer Science - Machine Learning},
         year = 2017,
        month = oct,
          eid = {arXiv:1710.02298},
        pages = {arXiv:1710.02298},
archivePrefix = {arXiv},
       eprint = {1710.02298},
 primaryClass = {cs.AI},
       adsurl = {https://ui.adsabs.harvard.edu/abs/2017arXiv171002298H},
      adsnote = {Provided by the SAO/NASA Astrophysics Data System}
}

@ARTICLE{2015arXiv150906461V,
       author = {{van Hasselt}, Hado and {Guez}, Arthur and {Silver}, David},
        title = "{Deep Reinforcement Learning with Double Q-learning}",
      journal = {arXiv e-prints},
     keywords = {Computer Science - Machine Learning},
         year = 2015,
        month = sep,
          eid = {arXiv:1509.06461},
        pages = {arXiv:1509.06461},
archivePrefix = {arXiv},
       eprint = {1509.06461},
 primaryClass = {cs.LG},
       adsurl = {https://ui.adsabs.harvard.edu/abs/2015arXiv150906461V},
      adsnote = {Provided by the SAO/NASA Astrophysics Data System}
}

@ARTICLE{2013arXiv1312.5602M,
       author = {{Mnih}, Volodymyr and {Kavukcuoglu}, Koray and {Silver}, David and
         {Graves}, Alex and {Antonoglou}, Ioannis and {Wierstra}, Daan and
         {Riedmiller}, Martin},
        title = "{Playing Atari with Deep Reinforcement Learning}",
      journal = {arXiv e-prints},
     keywords = {Computer Science - Machine Learning},
         year = 2013,
        month = dec,
          eid = {arXiv:1312.5602},
        pages = {arXiv:1312.5602},
archivePrefix = {arXiv},
       eprint = {1312.5602},
 primaryClass = {cs.LG},
       adsurl = {https://ui.adsabs.harvard.edu/abs/2013arXiv1312.5602M},
      adsnote = {Provided by the SAO/NASA Astrophysics Data System}
}

@ARTICLE{2015arXiv151105952S,
       author = {{Schaul}, Tom and {Quan}, John and {Antonoglou}, Ioannis and
         {Silver}, David},
        title = "{Prioritized Experience Replay}",
      journal = {arXiv e-prints},
     keywords = {Computer Science - Machine Learning},
         year = 2015,
        month = nov,
          eid = {arXiv:1511.05952},
        pages = {arXiv:1511.05952},
archivePrefix = {arXiv},
       eprint = {1511.05952},
 primaryClass = {cs.LG},
       adsurl = {https://ui.adsabs.harvard.edu/abs/2015arXiv151105952S},
      adsnote = {Provided by the SAO/NASA Astrophysics Data System}
}

@ARTICLE{2017arXiv170706887B,
       author = {{Bellemare}, Marc G. and {Dabney}, Will and {Munos}, R{\'e}mi},
        title = "{A Distributional Perspective on Reinforcement Learning}",
      journal = {arXiv e-prints},
     keywords = {Computer Science - Machine Learning, Computer Science - Artificial Intelligence, Statistics - Machine Learning},
         year = 2017,
        month = jul,
          eid = {arXiv:1707.06887},
        pages = {arXiv:1707.06887},
archivePrefix = {arXiv},
       eprint = {1707.06887},
 primaryClass = {cs.LG},
       adsurl = {https://ui.adsabs.harvard.edu/abs/2017arXiv170706887B},
      adsnote = {Provided by the SAO/NASA Astrophysics Data System}
}

@ARTICLE{2015Natur.518..529M,
       author = {{Mnih}, Volodymyr and {Kavukcuoglu}, Koray and {Silver}, David and
         {Rusu}, Andrei A. and {Veness}, Joel and {Bellemare}, Marc G. and
         {Graves}, Alex and {Riedmiller}, Martin and {Fidjeland}, Andreas K. and
         {Ostrovski}, Georg and {Petersen}, Stig and {Beattie}, Charles and
         {Sadik}, Amir and {Antonoglou}, Ioannis and {King}, Helen and
         {Kumaran}, Dharshan and {Wierstra}, Daan and {Legg}, Shane and
         {Hassabis}, Demis},
        title = "{Human-level control through deep reinforcement learning}",
      journal = {\nat},
         year = 2015,
        month = feb,
       volume = {518},
       number = {7540},
        pages = {529-533},
          doi = {10.1038/nature14236},
       adsurl = {https://ui.adsabs.harvard.edu/abs/2015Natur.518..529M},
      adsnote = {Provided by the SAO/NASA Astrophysics Data System}
}

@ARTICLE{2016arXiv160602228M,
       author = {{Mishkin}, Dmytro and {Sergievskiy}, Nikolay and {Matas}, Jiri},
        title = "{Systematic evaluation of CNN advances on the ImageNet}",
      journal = {arXiv e-prints},
     keywords = {Computer Science - Neural and Evolutionary Computing, Computer Science - Computer Vision and Pattern Recognition, Computer Science - Machine Learning},
         year = 2016,
        month = jun,
          eid = {arXiv:1606.02228},
        pages = {arXiv:1606.02228},
archivePrefix = {arXiv},
       eprint = {1606.02228},
 primaryClass = {cs.NE},
       adsurl = {https://ui.adsabs.harvard.edu/abs/2016arXiv160602228M},
      adsnote = {Provided by the SAO/NASA Astrophysics Data System}
}

@ARTICLE{2015arXiv150201852H,
       author = {{He}, Kaiming and {Zhang}, Xiangyu and {Ren}, Shaoqing and {Sun}, Jian},
        title = "{Delving Deep into Rectifiers: Surpassing Human-Level Performance on ImageNet Classification}",
      journal = {arXiv e-prints},
     keywords = {Computer Science - Computer Vision and Pattern Recognition, Computer Science - Artificial Intelligence, Computer Science - Machine Learning},
         year = 2015,
        month = feb,
          eid = {arXiv:1502.01852},
        pages = {arXiv:1502.01852},
archivePrefix = {arXiv},
       eprint = {1502.01852},
 primaryClass = {cs.CV},
       adsurl = {https://ui.adsabs.harvard.edu/abs/2015arXiv150201852H},
      adsnote = {Provided by the SAO/NASA Astrophysics Data System}
}

